<?xml version="1.0" encoding="UTF-8"?><collection xmlns="http://www.loc.gov/MARC21/slim"><record><leader>00474nam--2200169-i-4500</leader><controlfield tag="001">000022784</controlfield><controlfield tag="002">20161230</controlfield><controlfield tag="005">20161230201034</controlfield><controlfield tag="008">060222s1000------------r-----000-0-eng-d</controlfield><datafield ind1=" " ind2=" " tag="040"><subfield code="a">IFIN-HH</subfield></datafield><datafield ind1=" " ind2=" " tag="080"><subfield code="a">539.12.01</subfield></datafield><datafield ind1="1" ind2=" " tag="100"><subfield code="a">James, F</subfield></datafield><datafield ind1="1" ind2="0" tag="245"><subfield code="a">Monte carlo for particle physicists</subfield><subfield code="c">F. james</subfield></datafield><datafield ind1=" " ind2=" " tag="260"><subfield code="a">Herceg Novi</subfield><subfield code="b">Ecole Internationale De La Physique Des Particules Elementaires</subfield><subfield code="c">1968</subfield></datafield><datafield ind1=" " ind2=" " tag="300"><subfield code="a">36 P</subfield></datafield><datafield ind1=" " ind2=" " tag="852"><subfield code="a">29421</subfield><subfield code="c">539.12</subfield></datafield><datafield ind1=" " ind2=" " tag="CAT"><subfield code="a">Sys</subfield><subfield code="c">20111116</subfield><subfield code="h">155601</subfield></datafield></record></collection>